
    <marc:record>
        <marc:leader>03102cpcaa2200361Ii 4500</marc:leader>
        <marc:controlfield tag="001">000887905</marc:controlfield>
        <marc:controlfield tag="005">20170911132910.0</marc:controlfield>
        <marc:controlfield tag="008">891031i18141878vau                 eng d</marc:controlfield>
        <marc:datafield tag="035" ind1=" " ind2=" ">
            <marc:subfield code="a">20574806</marc:subfield>
        </marc:datafield>
        <marc:datafield tag="040" ind1=" " ind2=" ">
            <marc:subfield code="a">NDD</marc:subfield>
            <marc:subfield code="b">eng</marc:subfield>
            <marc:subfield code="e">rda</marc:subfield>
            <marc:subfield code="e">dacs</marc:subfield>
            <marc:subfield code="c">NDD</marc:subfield>
            <marc:subfield code="d">OCLCQ</marc:subfield>
            <marc:subfield code="d">OCLCO</marc:subfield>
            <marc:subfield code="d">NDD</marc:subfield>
        </marc:datafield>
        <marc:datafield tag="041" ind1=" " ind2=" ">
            <marc:subfield code="a">eng</marc:subfield>
        </marc:datafield>
        <marc:datafield tag="043" ind1=" " ind2=" ">
            <marc:subfield code="a">n-usu--</marc:subfield>
            <marc:subfield code="a">n-us-va</marc:subfield>
            <marc:subfield code="a">n-us---</marc:subfield>
        </marc:datafield>
        <marc:datafield tag="049" ind1=" " ind2=" ">
            <marc:subfield code="a">NDDP</marc:subfield>
        </marc:datafield>
        <marc:datafield tag="100" ind1="1" ind2=" ">
            <marc:subfield code="a">Brown, Alexander,</marc:subfield>
            <marc:subfield code="e">creator.</marc:subfield>
        </marc:datafield>
        <marc:datafield tag="245" ind1="1" ind2="0">
            <marc:subfield code="a">Alexander Brown papers,</marc:subfield>
            <marc:subfield code="f">1814-1878 ;</marc:subfield>
            <marc:subfield code="g">(bulk 1861-1863).</marc:subfield>
        </marc:datafield>
        <marc:datafield tag="264" ind1=" " ind2="0">
            <marc:subfield code="c">1814-1878.</marc:subfield>
        </marc:datafield>
        <marc:datafield tag="300" ind1=" " ind2=" ">
            <marc:subfield code="a">70</marc:subfield>
            <marc:subfield code="f">items.</marc:subfield>
        </marc:datafield>
        <marc:datafield tag="336" ind1=" " ind2=" ">
            <marc:subfield code="a">text</marc:subfield>
            <marc:subfield code="b">txt</marc:subfield>
            <marc:subfield code="2">rdacontent</marc:subfield>
        </marc:datafield>
        <marc:datafield tag="337" ind1=" " ind2=" ">
            <marc:subfield code="a">unmediated</marc:subfield>
            <marc:subfield code="b">n</marc:subfield>
            <marc:subfield code="2">rdamedia</marc:subfield>
        </marc:datafield>
        <marc:datafield tag="338" ind1=" " ind2=" ">
            <marc:subfield code="a">sheet</marc:subfield>
            <marc:subfield code="b">nb</marc:subfield>
            <marc:subfield code="2">rdacarrier</marc:subfield>
        </marc:datafield>
        <marc:datafield tag="545" ind1=" " ind2=" ">
            <marc:subfield code="a">Alexander Brown (1843-1906) was a resident of &quot;Glenmore,&quot; Nelson County, Va. He was often addressed as &quot;Sandy.&quot;</marc:subfield>
        </marc:datafield>
        <marc:datafield tag="520" ind1="8" ind2=" ">
            <marc:subfield code="a">Largely personal and family correspondence, mainly from relatives and friends, usually addressed to Alexander Brown. Correspondents include: Robert Lawrence Brown (1820-1880); stepmother Margaret Baldwin Cabell Brown (1826-1877); grandfather Alexander Brown (1796-1864); grandmother Lucy Shands Rives Brown (1794-1872); uncle Paul Carrington Callaway (1815-1876); and cousins Francis Alexander Meade and Lucy Brown Meade. The collection mentions the Walker, Bruce, Daniel, Boyd, Bouldin, Otey, Morris, Langhorne, Early, Meade, Cabell, Rives, Brown, and Poindexter families. Other individuals mentioned include: John Strode Barbour, Jr.; John and Lawrence Meem, members of the Virginia General Assembly; Willie Duke; Confederate generals Robert Augustus Toombs, Thomas Jonathon Jackson, Robert Emmett Rodes, Braxton Bragg, Edmund Kirby Smith, John Bankhead Magruder, Benjamin Huger, and Samuel Garland, Jr.; Generals' wives Julia Toombs and Virginia Hortense Woodruff Rodes; Virginia governor John Letcher; Jefferson Davis and Alexander Stephens; Abraham Lincoln; and Union general Benjamin F. Butler. Subjects mentioned include business affairs, crops, weather, typhoid fever, yellow fever, smallpox, commodity prices, salt distribution, and social life and customs in Virginia during the Civil War. Other topics include politics, such as the election of 1860, and newspapers, such as the Richmond Examiner and the Lynchburg Republican. Civil War subjects include Confederate and Federal prisoners; sieges of Charleston, Savannah, and Wilmington; battles of Bull Run and Antietam; women's care for wounded Confederate soldiers; and Confederate Army concerns such as sickness, casualties, hardships, shortages, food, shoes, clothing, desertions, troop movements, and recruitment.</marc:subfield>
        </marc:datafield>
        <marc:datafield tag="610" ind1="1" ind2="0">
            <marc:subfield code="a">Confederate States of America.</marc:subfield>
            <marc:subfield code="b">Army</marc:subfield>
            <marc:subfield code="x">Military life.</marc:subfield>
        </marc:datafield>
        <marc:datafield tag="650" ind1=" " ind2="0">
            <marc:subfield code="a">Epidemics</marc:subfield>
            <marc:subfield code="z">Virginia.</marc:subfield>
        </marc:datafield>
        <marc:datafield tag="651" ind1=" " ind2="0">
            <marc:subfield code="a">Nelson County (Va.)</marc:subfield>
            <marc:subfield code="x">History.</marc:subfield>
        </marc:datafield>
        <marc:datafield tag="690" ind1=" " ind2=" ">
            <marc:subfield code="a">Family life</marc:subfield>
            <marc:subfield code="z">Virginia.</marc:subfield>
        </marc:datafield>
        <marc:datafield tag="651" ind1=" " ind2="0">
            <marc:subfield code="a">Richmond (Va.)</marc:subfield>
            <marc:subfield code="x">History</marc:subfield>
            <marc:subfield code="y">Civil War, 1861-1865.</marc:subfield>
        </marc:datafield>
        <marc:datafield tag="650" ind1=" " ind2="0">
            <marc:subfield code="a">Salt industry and trade</marc:subfield>
            <marc:subfield code="z">Confederate States of America.</marc:subfield>
        </marc:datafield>
        <marc:datafield tag="651" ind1=" " ind2="0">
            <marc:subfield code="a">United States</marc:subfield>
            <marc:subfield code="x">History</marc:subfield>
            <marc:subfield code="y">Civil War, 1861-1865</marc:subfield>
            <marc:subfield code="x">Medical care.</marc:subfield>
        </marc:datafield>
        <marc:datafield tag="651" ind1=" " ind2="0">
            <marc:subfield code="a">Virginia</marc:subfield>
            <marc:subfield code="x">Climate.</marc:subfield>
        </marc:datafield>
        <marc:datafield tag="651" ind1=" " ind2="0">
            <marc:subfield code="a">Virginia</marc:subfield>
            <marc:subfield code="x">Economic conditions.</marc:subfield>
        </marc:datafield>
        <marc:datafield tag="651" ind1=" " ind2="0">
            <marc:subfield code="a">Virginia</marc:subfield>
            <marc:subfield code="x">History</marc:subfield>
            <marc:subfield code="y">Civil War, 1861-1865.</marc:subfield>
        </marc:datafield>
        <marc:datafield tag="651" ind1=" " ind2="0">
            <marc:subfield code="a">Virginia</marc:subfield>
            <marc:subfield code="x">Religious life and customs.</marc:subfield>
        </marc:datafield>
    </marc:record>